<record><leader>00000cas a22000007a 4500</leader><controlfield tag="001">22929588</controlfield><controlfield tag="008">910107d19411941mnuwr ne      0    0eng d</controlfield><datafield ind1=" " ind2=" " tag="010"><subfield code="a">sn 90060740 </subfield></datafield><datafield ind1=" " ind2=" " tag="040"><subfield code="a">MN#</subfield><subfield code="b">eng</subfield><subfield code="c">MN#</subfield><subfield code="d">OCLCQ</subfield><subfield code="d">OCLCF</subfield><subfield code="d">OCLCO</subfield></datafield><datafield ind1="1" ind2=" " tag="029"><subfield code="a">AU@</subfield><subfield code="b">000025909621</subfield></datafield><datafield ind1=" " ind2=" " tag="042"><subfield code="a">msc</subfield></datafield><datafield ind1=" " ind2=" " tag="043"><subfield code="a">n-us-mn</subfield></datafield><datafield ind1=" " ind2=" " tag="052"><subfield code="a">4144</subfield><subfield code="b">C8</subfield></datafield><datafield ind1=" " ind2=" " tag="052"><subfield code="a">4143</subfield><subfield code="b">P6</subfield></datafield><datafield ind1="0" ind2="4" tag="245"><subfield code="a">The Crookston valley messenger.</subfield></datafield><datafield ind1=" " ind2=" " tag="260"><subfield code="a">Crookston, Polk County, Minn. :</subfield><subfield code="b">Roy M. King and Ellis Scott,</subfield><subfield code="c">1941.</subfield></datafield><datafield ind1=" " ind2=" " tag="300"><subfield code="a">1 v.</subfield></datafield><datafield ind1=" " ind2=" " tag="310"><subfield code="a">Weekly</subfield></datafield><datafield ind1="0" ind2=" " tag="362"><subfield code="a">Vol. 43, no. 7 (Aug. 14, 1941)-v. 43, no. 15 (Oct. 9, 1941).</subfield></datafield><datafield ind1=" " ind2=" " tag="530"><subfield code="a">Available on microfilm from the Minnesota Historical Society.</subfield></datafield><datafield ind1=" " ind2="0" tag="651"><subfield code="a">Crookston (Minn.)</subfield><subfield code="v">Newspapers.</subfield></datafield><datafield ind1=" " ind2="7" tag="655"><subfield code="a">Newspapers.</subfield><subfield code="2">fast</subfield><subfield code="0">(OCoLC)fst01423814</subfield></datafield><datafield ind1=" " ind2="7" tag="651"><subfield code="a">Minnesota</subfield><subfield code="z">Crookston.</subfield><subfield code="2">fast</subfield><subfield code="0">(OCoLC)fst01212095</subfield></datafield><datafield ind1=" " ind2=" " tag="752"><subfield code="a">United States</subfield><subfield code="b">Minnesota</subfield><subfield code="c">Polk</subfield><subfield code="d">Crookston.</subfield></datafield><datafield ind1="0" ind2="0" tag="780"><subfield code="t">Valley messenger (Crookston, Minn.)</subfield><subfield code="w">(DLC)sn 90060739</subfield></datafield></record>